@misc{wikipedia_2018_1, title={Ηλεκτρονική μάθηση}, url={https://el.wikipedia.org/wiki/Ηλεκτρονική_μάθηση}, journal={Wikipedia}, publisher={Wikimedia Foundation}, year={2018}, month={Apr}}
@book{moore_kearsley_2005, place={Belmont, CA}, title={Distance education: a systems view}, publisher={Thomson/Wadsworth}, author={Moore, Michael G. and Kearsley, Greg}, year={2005}}
@misc{hrastinski, title={Asynchronous and Synchronous E-Learning}, url={https://er.educause.edu/articles/2008/11/asynchronous-and-synchronous-elearning}, journal={EDUCAUSE Review}, author={Hrastinski, Stefan}}
@misc{edx_2018, title={About Us}, url={https://www.edx.org/about-us}, journal={edX}, year={2018}, month={Mar}}
@misc{report_2018, title={EdX's 2017: Year in Review - Class Central}, url={https://www.class-central.com/report/edx-2017-review/}, journal={Class Central's MOOC Report}, year={2018}, month={Oct}}
@misc{edx_2019_1, title={Schools and Partners}, url={https://www.edx.org/schools-partners}, journal={edX}, year={2019}, month={Jan}}
@misc{edx_2019_2, title={edx/edx-platform}, url={https://github.com/edx/edx-platform}, journal={GitHub}, author={Edx}, year={2019}, month={Jan}}
@misc{mit_open_learning_2018, title={Residential MITx}, url={http://odl.mit.edu/campus/residential-mitx}, journal={MIT Open Learning}, year={2018}, month={Aug}}
@misc{mongodb, title={Free Online MongoDB Classes}, url={https://www.mongodb.com/post/32260220142/free-online-mongodb-classes}, journal={MongoDB}}
@misc{edx_2014, title={IMF and edX Join Forces to Pilot Online Economics and Financial Courses}, url={https://www.edx.org/alert/imf-and-edx-join-forces-pilot/998}, journal={edX}, year={2014}, month={Apr}}
@misc{vagrant_by_hashicorp, title={Introduction}, url={https://www.vagrantup.com/intro/index.html}, journal={Vagrant by HashiCorp}}